@article{gargano2004,
  title={Spanning spiders and light-splitting switches},
  author={Gargano, Luisa and Hammar, Mikael and Hell, Pavol and Stacho, Ladislav and Vaccaro, Ugo},
  journal={Discrete mathematics},
  volume={285},
  number={1-3},
  pages={83--95},
  year={2004},
  publisher={Elsevier}
}

@incollection{karp1972,
  title={Reducibility among combinatorial problems},
  author={Karp, Richard M},
  booktitle={Complexity of computer computations},
  pages={85--103},
  year={1972},
  publisher={Springer}
}

@article{salamon2010,
  title={Degree-based spanning tree optimization},
  author={Salamon, G{\'a}bor},
  year={2010},
  publisher={Budapesti M{\H{u}}szaki {\'e}s Gazdas{\'a}gtudom{\'a}nyi Egyetem}
}

@article{chimani2015,
  title={Approximating spanning trees with few branches},
  author={Chimani, Markus and Spoerhase, Joachim},
  journal={Theory of Computing Systems},
  volume={56},
  number={1},
  pages={181--196},
  year={2015},
  publisher={Springer}
}

@article{cerulli2009,
  title={Bounded-degree spanning tree problems: models and new algorithms},
  author={Cerulli, Raffaele and Gentili, Monica and Iossa, A},
  journal={Computational Optimization and Applications},
  volume={42},
  number={3},
  pages={353--370},
  year={2009},
  publisher={Springer}
}

@article{carrabs2013,
  title={Lower and upper bounds for the spanning tree with minimum branch vertices},
  author={Carrabs, Francesco and Cerulli, Raffaele and Gaudioso, Manlio and Gentili, Monica},
  journal={Computational Optimization and Applications},
  volume={56},
  number={2},
  pages={405--438},
  year={2013},
  publisher={Springer}
}

@article{marin2015,
  title={Exact and heuristic solutions for the minimum number of branch vertices spanning tree problem},
  author={Mar{\'\i}n, Alfredo},
  journal={European Journal of Operational Research},
  volume={245},
  number={3},
  pages={680--689},
  year={2015},
  publisher={Elsevier}
}

@ARTICLE{prim1957,
  author={R. C. {Prim}},
  journal={The Bell System Technical Journal},
  title={Shortest connection networks and some generalizations},
  year={1957},
  volume={36},
  number={6},
  pages={1389-1401},
  keywords={},
  doi={10.1002/j.1538-7305.1957.tb01515.x},
  ISSN={0005-8580},
  month={Nov}
}

@article{melo2016,
  title={An effective decomposition approach and heuristics to generate spanning trees with a small number of branch vertices},
  author={Melo, Rafael A and Samer, Phillippe and Urrutia, Sebasti{\'a}n},
  journal={Computational Optimization and Applications},
  volume={65},
  number={3},
  pages={821--844},
  year={2016},
  publisher={Springer}
}

@article{solis-oba2017,
  title={A 2-approximation algorithm for finding a spanning tree with maximum number of leaves},
  author={Solis-Oba, Roberto and Bonsma, Paul and Lowski, Stefanie},
  journal={Algorithmica},
  volume={77},
  number={2},
  pages={374--388},
  year={2017},
  publisher={Springer}
}

@InProceedings{pandas,
  author    = { Wes McKinney },
  title     = { Data Structures for Statistical Computing in Python },
  booktitle = { Proceedings of the 9th Python in Science Conference },
  pages     = { 51 - 56 },
  year      = { 2010 },
  editor    = { St\'efan van der Walt and Jarrod Millman }
}
